%% This BibTeX bibliography file was created using BibDesk.
%% https://bibdesk.sourceforge.io/

%% Created for Jeremy Clark at 2020-12-23 12:08:04 -0500 


%% Saved with string encoding Unicode (UTF-8) 



@inproceedings{FSA97,
	author = {S. {Forrest} and A. {Somayaji} and D. H. {Ackley}},
	booktitle = {Proceedings. The Sixth Workshop on Hot Topics in Operating Systems (Cat. No.97TB100133)},
	date-added = {2020-12-23 12:07:56 -0500},
	date-modified = {2020-12-23 12:08:04 -0500},
	doi = {10.1109/HOTOS.1997.595185},
	pages = {67-72},
	title = {Building diverse computer systems},
	year = {1997},
	Bdsk-Url-1 = {https://doi.org/10.1109/HOTOS.1997.595185}}

@article{FHS97,
	address = {New York, NY, USA},
	author = {Forrest, Stephanie and Hofmeyr, Steven A. and Somayaji, Anil},
	date-added = {2020-12-23 12:06:20 -0500},
	date-modified = {2020-12-23 12:06:36 -0500},
	doi = {10.1145/262793.262811},
	issn = {0001-0782},
	issue_date = {Oct. 1997},
	journal = {Commun. ACM},
	month = oct,
	number = {10},
	numpages = {9},
	pages = {88--96},
	publisher = {Association for Computing Machinery},
	title = {Computer Immunology},
	url = {https://doi.org/10.1145/262793.262811},
	volume = {40},
	year = {1997},
	Bdsk-Url-1 = {https://doi.org/10.1145/262793.262811}}

@inproceedings{CBN+14,
	author = {Jeremy Clark and Joseph Bonneau and Andrew Miller and Joshua A. Kroll and Edward W. Felten and Arvind Narayanan},
	booktitle = {WEIS},
	date-added = {2020-12-23 11:37:46 -0500},
	date-modified = {2020-12-23 11:37:46 -0500},
	title = {On Decentralizing Prediction Markets and Order Books},
	year = {2014}}

@misc{Ref19,
	author = {Dafflon, Jacques and Baylina, Jordi and Shababi, Thomas},
	date-added = {2020-09-02 09:57:39 -0400},
	date-modified = {2020-09-02 09:57:39 -0400},
	howpublished = {\url{https://eips.ethereum.org/EIPS/eip-777}},
	month = nov,
	note = {[Online; accessed 12-Jan-2019]},
	title = {{EIP 777: A New Advanced Token Standard}},
	year = {2017}}

@misc{Ref20,
	author = {Dexaran},
	date-added = {2020-09-02 09:57:39 -0400},
	date-modified = {2020-09-02 09:57:39 -0400},
	howpublished = {\url{https://github.com/ethereum/EIPs/issues/223}},
	month = mar,
	note = {[Online; accessed 12-Jan-2019]},
	title = {{ERC223 token standard}},
	year = {2017}}

@misc{Ref21,
	author = {Steve Ellis},
	date-added = {2020-09-02 09:57:39 -0400},
	date-modified = {2020-09-02 09:57:39 -0400},
	howpublished = {\url{https://github.com/ethereum/EIPs/issues/677}},
	month = jul,
	note = {[Online; accessed 12-Jan-2019]},
	title = {{transferAndCall Token Standard}},
	year = {2017}}

@misc{Ref22,
	author = {Entriken, William and Shirley, Dieter and Evans, Jacob and Sachs, Nastassia},
	date-added = {2020-09-02 09:57:39 -0400},
	date-modified = {2020-09-02 09:57:39 -0400},
	howpublished = {\url{https://github.com/ethereum/EIPs/blob/master/EIPS/eip-721.md}},
	month = jan,
	note = {[Online; accessed 12-Jan-2019]},
	title = {{ERC-721 Non-Fungible Token Standard}},
	year = {2018}}

@misc{Ref23,
	author = {Dafflon, Jacques and Baylina, Jordi and Shababi, Thomas},
	date-added = {2020-09-02 09:57:39 -0400},
	date-modified = {2020-09-02 09:57:39 -0400},
	howpublished = {\url{https://eips.ethereum.org/EIPS/eip-777}},
	month = nov,
	note = {[Online; accessed 12-Jan-2019]},
	title = {{EIP 777: A New Advanced Token Standard}},
	year = {2017}}

@misc{Ref24,
	author = {Augusto Lemble},
	date-added = {2020-09-02 09:57:39 -0400},
	date-modified = {2020-09-02 09:57:39 -0400},
	howpublished = {\url{https://github.com/ethereum/eips/issues/827}},
	month = jan,
	note = {[Online; accessed 12-Jan-2019]},
	title = {{ERC827 Token Standard (ERC20 Extension)}},
	year = {2018}}

@misc{Ref25,
	author = {Radomski, Witek and Cooke Andrew and Castonguay, Philippe and Therien, James and Binet, Eric},
	date-added = {2020-09-02 09:57:39 -0400},
	date-modified = {2020-09-02 09:57:39 -0400},
	howpublished = {\url{https://github.com/ethereum/EIPs/blob/master/EIPS/eip-1155.md}},
	month = jun,
	note = {[Online; accessed 12-Jan-2019]},
	title = {{ERC-1155 Multi Token Standard}},
	year = {2018}}

@misc{Ref26,
	author = {Chang, Atkins and Bao, Noel and Chu, Jack and Chou, Leo and Goh, Darren},
	date-added = {2020-09-02 09:57:39 -0400},
	date-modified = {2020-09-02 09:57:39 -0400},
	howpublished = {\url{https://github.com/fstnetwork/EIPs/blob/master/EIPS/eip-1376.md}},
	month = sep,
	note = {[Online; accessed 12-Jan-2019]},
	title = {{Service-Friendly Token Standard}},
	year = {2018}}

@misc{ErcBug,
	author = {Cremer, Lukas},
	howpublished = {\url{https://medium.com/coinmonks/missing-return-value-bug-at-least-130-tokens-affected-d67bf08521ca}},
	month = {Jun},
	title = {Missing return value bug --- At least 130 tokens affected},
	year = {2018}}

@misc{EthSecServ,
	author = {Huashan Chen, Marcus Pendleton, Laurent Njilla and Shouhuai Xu},
	howpublished = {\url{https://arxiv.org/pdf/1908.04507.pdf}},
	month = {Aug},
	title = {A Survey on Ethereum Systems Security:	Vulnerabilities, Attacks and Defenses},
	year = {2019}}

@misc{EthGit,
	author = {Ethereum},
	howpublished = {\url{https://github.com/ethereum}},
	month = {May},
	title = {Project repository},
	year = {2014}}

@misc{MakSm,
	author = {Luu, Loi and Chu, Duc-Hiep and Olickel, Hrishi and Saxena, Prateek and Hobor, Aquinas},
	howpublished = {\url{https://dl.acm.org/ft_gateway.cfm?id=2978309&ftid=1805715&dwn=1&CFID=86372769&CFTOKEN=b697c89273876526-8CBDF39B-A89A-31D2-F565B24919F796C6}},
	month = {Oct},
	title = {Making Smart Contracts Smarter},
	year = {2016}}

@misc{victormeasuring,
	author = {Victor, Friedhelm and L{\"u}ders, Bianca Katharina},
	howpublished = {International Conference on Financial Cryptography and Data Security},
	title = {Measuring Ethereum-based ERC20 Token Networks},
	year = {2019}}

@misc{SolidityDoc,
	author = {Ethereum},
	howpublished = {\url{https://solidity.readthedocs.io/en/latest/}},
	month = {Jan},
	title = {Solidity --- Solidity documentation},
	year = {2020}}

@misc{EthInDepth,
	author = {Facu Spagnuolo},
	howpublished = {\url{https://blog.openzeppelin.com/ethereum-in-depth-part-2-6339cf6bddb9/}},
	month = {Jul},
	title = {Ethereum in Depth, Part 2},
	year = {2018}}

@misc{EYTool,
	author = {EY},
	howpublished = {\url{https://review-tool.blockchain.ey.com}},
	month = {Sep},
	title = {Token Review},
	year = {2019}}

@misc{MikVlad,
	author = {Mikhail Vladimirov},
	howpublished = {\url{https://github.com/ethereum/EIPs/issues/20\#issuecomment-263524729}},
	month = {Nov},
	title = {Attack vector on ERC20 API (approve/transferFrom methods) and suggested improvements},
	year = {2016}}

@misc{TomHale,
	author = {Tom Hale},
	howpublished = {\url{https://github.com/ethereum/EIPs/issues/738}},
	month = {Oct},
	title = {Resolution on the EIP20 API Approve / TransferFrom multiple withdrawal attack \#738},
	year = {2017}}

@misc{PeckShield,
	author = {PeckShield},
	howpublished = {\url{https://blog.peckshield.com/2018/04/22/batchOverflow/}},
	month = {Apr},
	title = {ALERT: New batchOverflow Bug in Multiple ERC20 Smart Contracts},
	year = {2018}}

@misc{ERC20Std,
	author = {Fabian Vogelsteller, Vitalik Buterin},
	howpublished = {\url{https://github.com/ethereum/EIPs/blob/master/EIPS/eip-20.md}},
	month = {Nov},
	title = {ERC-20 Token Standard},
	year = {2015}}

@misc{ERC20MWA,
	author = {Rahimian, Reza and Eskandari, Shayan and Clark, Jeremy},
	howpublished = {\url{https://arxiv.org/abs/1907.00903}},
	month = {Jul},
	title = {Resolving the Multiple Withdrawal Attack on ERC20 Tokens},
	year = {2019}}

@article{eskandari2019sok,
	author = {Eskandari, Shayan and Moosavi, Seyedehmahsa and Clark, Jeremy},
	journal = {International Conference on Financial Cryptography and Data Security},
	organization = {Springer},
	pages = {380},
	title = {SoK: Transparent Dishonesty: front-running attacks on Blockchain},
	volume = {1},
	year = {2019}}

@misc{DAO1,
	author = {Klint Finley},
	howpublished = {\url{https://www.wired.com/2016/06/50-million-hack-just-showed-dao-human/}},
	month = {Sep},
	title = {A \$50 Million Hack Just Showed That the DAO Was All Too Human | WIRED},
	year = {2016}}

@misc{DAO2,
	author = {Jentzsch, Christoph},
	howpublished = {\url{https://blog.slock.it/the-history-of-the-dao-and-lessons-learned-d06740f8cfa5}},
	month = {Aug},
	title = {The History of the DAO and Lessons Learned},
	year = {2016}}

@misc{Overflow,
	author = {Reza Rahimian},
	howpublished = {\url{https://blockchain-projects.readthedocs.io/overflow.html}},
	month = {Dec},
	title = {Overflow attack in Ethereum smart contracts},
	year = {2018}}

@misc{PartiyMultiSig,
	author = {Santiago Palladino},
	howpublished = {\url{https://blog.openzeppelin.com/on-the-parity-wallet-multisig-hack-405a8c12e8f7/}},
	month = {July},
	title = {The Parity Wallet Hack Explained},
	year = {2017}}

@misc{MyEthWallet,
	author = {Kai Sedgwick},
	howpublished = {\url{https://news.bitcoin.com/myetherwallet-servers-are-hijacked-in-dns-attack/}},
	month = {Apr},
	title = {Myetherwallet Servers Are Hijacked},
	year = {2018}}

@misc{LandoKL,
	author = {Guy Lando},
	howpublished = {\url{https://github.com/guylando/KnowledgeLists/blob/master/EthereumSmartContracts.md}},
	month = {May},
	title = {Guy Lando's knowledge list},
	year = {2019}}

@misc{SoliditySecCon,
	author = {Solidity documentation},
	howpublished = {\url{https://solidity.readthedocs.io/en/latest/security-considerations.html}},
	month = {Jan},
	title = {Security Considerations},
	year = {2020}}

@misc{ConsensysSecCon,
	author = {ConsenSys Diligence},
	howpublished = {\url{https://consensys.github.io/smart-contract-best-practices/}},
	month = {Jan},
	title = {Ethereum Smart Contract Security Best Practices},
	year = {2020}}

@misc{IstanbulUpgrades,
	author = {Alex Beregszaszi, Afri Schoedon},
	howpublished = {\url{https://github.com/ethereum/EIPs/blob/master/EIPS/eip-1679.md}},
	month = {Dec},
	title = {Hardfork Meta: Istanbul},
	year = {2019}}

@misc{ConsensysStopTran,
	author = {Steve Marx},
	howpublished = {\url{https://diligence.consensys.net/blog/2019/09/stop-using-soliditys-transfer-now/}},
	month = {Dec},
	title = {Stop Using Solidity's transfer() Now},
	year = {2019}}

@misc{ChainSecurity,
	author = {Hubert Ritzdorf},
	howpublished = {\url{https://docs.google.com/presentation/d/1IiRYSjwle02zQUmWId06Bss8GrxGyw6nQAiZdCRFEPk/}},
	month = {Oct},
	title = {Ethereum Istanbul Hardfork, The Security Perspective},
	year = {2019}}

@misc{SolidtyDocSec,
	author = {Ethereum documentation},
	howpublished = {\url{https://solidity.readthedocs.io/en/latest/security-considerations.html\#re-entrancy}},
	month = {Jan},
	title = {Re-Entrancy},
	year = {2020}}

@misc{SolidtySecBlog,
	author = {Age Manning},
	howpublished = {\url{https://github.com/sigp/solidity-security-blog}},
	month = {Nov},
	title = {Comprehensive list of known attack vectors and common anti-patterns},
	year = {2019}}

@misc{UnexpectedEth,
	author = {Daniel Szego},
	howpublished = {\url{http://danielszego.blogspot.com/2018/03/solidity-security-patterns-forcing.html}},
	month = {Mar},
	title = {Solidity security patterns - forcing ether to a contract},
	year = {2018}}

@misc{ParityFirstHack,
	author = {Haseeb Qureshi},
	howpublished = {\url{https://www.freecodecamp.org/news/a-hacker-stole-31m-of-ether-how-it-happened-and-what-it-means-for-ethereum-9e5dc29e33ce/}},
	month = {Jul},
	title = {A hacker stole \$31M of Ether --- how it happened, and what it means},
	year = {2017}}

@misc{ParitySecondHack,
	author = {Breidenbach, Lorenz and Daian, Phil and Juels, Ari and Gun Sirer, Emin},
	howpublished = {\url{https://hackingdistributed.com/2017/07/22/deep-dive-parity-bug/}},
	month = {Jul},
	title = {An In-Depth Look at the Parity Multisig Bug},
	year = {2017}}

@misc{ParityWalletHack,
	author = {Parity},
	howpublished = {\url{https://www.parity.io/security-alert-2/}},
	month = {Nov},
	title = {Security Alert},
	year = {2018}}

@misc{SoliditySendEther,
	author = {Kirill Bulgakov},
	howpublished = {\url{https://medium.com/daox/three-methods-to-transfer-funds-in-ethereum-by-means-of-solidity-5719944ed6e9}},
	month = {Feb},
	title = {Three methods to send ether by means of Solidity},
	year = {2018}}

@misc{WiKiMutex,
	author = {wikipedia},
	howpublished = {\url{en.wikipedia.org/wiki/Mutual_exclusion}},
	month = {Jan},
	title = {Mutex},
	year = {2019}}

@misc{GameSec1,
	author = {Lye, Kong-wei and Wing, Jeannette},
	howpublished = {\url{https://www.cs.cmu.edu/~wing/publications/CMU-CS-02-136.pdf}},
	month = {May},
	title = {Game Strategies in Network Security},
	year = {2012}}

@misc{EIP150,
	author = {Wood, Gavin},
	howpublished = {\url{http://gavwood.com/paper.pdf}},
	month = {Mar},
	title = {Ethereum: a secure decentralised generalised transaction ledger},
	year = {2016}}

@misc{EIP1884,
	author = {Holst Swende, Martin},
	howpublished = {\url{https://github.com/ethereum/EIPs/blob/master/EIPS/eip-1884.md}},
	month = {Mar},
	title = {Repricing for trie-size-dependent opcodes},
	year = {2019}}

@misc{LIB1,
	author = {Ethereum},
	howpublished = {\url{https://solidity.readthedocs.io/en/latest/contracts.html?highlight=library\#libraries}},
	month = {Jan},
	title = {Solidity --- Solidity documentation},
	year = {2020}}

@misc{LIB2,
	author = {Jain, Sarvesh},
	howpublished = {\url{https://medium.com/coinmonks/all-you-should-know-about-libraries-in-solidity-dd8bc953eae7}},
	month = {Sep},
	title = {All you should know about libraries in solidity},
	year = {2018}}

@misc{SEREUM,
	author = {Rodler, Michael and Li, Wenting and Karame, Ghassan and Davi, Lucas},
	howpublished = {\url{https://arxiv.org/pdf/1812.05934.pdf}},
	month = {Dec},
	title = {Sereum: Protecting Existing Smart Contracts Against Re-Entrancy},
	year = {2018}}

@misc{SECURIFY,
	author = {Tsankov, Petar and Dan, Andrei and Drachsler-Cohen, Dana and Gervais, Arthur},
	howpublished = {\url{https://arxiv.org/pdf/1806.01143.pdf}},
	month = {Aug},
	title = {Securify: Practical Security Analysis of Smart Contracts},
	year = {2018}}

@misc{SECURIFYGIT,
	author = {Tsankov, Petar},
	howpublished = {\url{https://github.com/eth-sri/securify2}},
	month = {Jan},
	title = {Securify v2.0},
	year = {2020}}

@misc{SMARTCHECK,
	author = {SmartDec},
	howpublished = {\url{https://tool.smartdec.net/knowledge}},
	month = {Sep},
	title = {Knowledge-base},
	year = {2018}}

@misc{MythX,
	author = {ConsenSys},
	howpublished = {\url{https://mythx.io/swc-coverage/}},
	month = {Nov},
	title = {MythX SWC coverage},
	year = {2019}}

@misc{ContractGuard,
	author = {GuardStrike},
	howpublished = {\url{https://contract.guardstrike.com/#/knowledge}},
	month = {Mar},
	title = {ContractGuard knowledge-base},
	year = {2020}}

@misc{SlitherSetup,
	author = {Josselin, Feist},
	howpublished = {\url{https://blog.trailofbits.com/2018/10/19/slither-a-solidity-static-analysis-framework/}},
	month = {Oct},
	title = {Slither -- a Solidity static analysis framework},
	year = {2018}}

@misc{SlitherDoc,
	author = {Josselin, Feist},
	howpublished = {\url{https://github.com/crytic/slither/wiki/Detector-Documentation#name-reused}},
	month = {Mar},
	title = {Slither -- Detector Documentation},
	year = {2020}}

@misc{EtherScan,
	author = {EtherScan},
	howpublished = {\url{https://etherscan.io/tokens?sortcmd=remove&sort=marketcap&order=desc}},
	month = {Apr},
	title = {Token Tracker},
	year = {2020}}

@misc{AuditTools,
	author = {di Angelo, Monika and Salzer, Gernot},
	howpublished = {\url{https://publik.tuwien.ac.at/files/publik_278277.pdf}},
	month = {Aug},
	title = {A Survey of Tools for Analyzing Ethereum Smart Contracts},
	year = {2019}}

@misc{SolidityModifer,
	author = {Simon, Gary},
	howpublished = {\url{https://coursetro.com/posts/code/101/Solidity-Modifier-Tutorial---Control-Functions-with-Modifiers}},
	month = {Oct},
	title = {Solidity Modifier Tutorial - Control Functions with Modifiers},
	year = {2017}}

@misc{ReentrancyGuard,
	author = {Venturo, Nicolas and Giordano, Francisco},
	howpublished = {\url{https://github.com/OpenZeppelin/openzeppelin-contracts/blob/master/contracts/utils/ReentrancyGuard.sol}},
	month = {Oct},
	title = {Reentrancy Guard},
	year = {2017}}

@misc{OrderingAttack,
	author = {Coverdale, Chris},
	howpublished = {\url{https://medium.com/coinmonks/solidity-transaction-ordering-attacks-1193a014884e}},
	month = {Mar},
	title = {Transaction-Ordering Attacks},
	year = {2018}}

@misc{ProxyPatterns,
	author = {OpenZeppelin},
	howpublished = {\url{https://blog.openzeppelin.com/proxy-patterns/}},
	month = {Apr},
	title = {Proxy Patterns},
	year = {2018}}

@misc{ProxyContract,
	author = {Tanner, Jack},
	howpublished = {\url{https://blog.indorse.io/ethereum-upgradeable-smart-contract-strategies-456350d0557c}},
	month = {Mar},
	title = {Summary of Ethereum Upgradeable Smart Contract R\&D --- Part 1--2018},
	year = {2018}}

@misc{TokenBP,
	author = {ConsenSys Diligence},
	howpublished = {\url{https://consensys.github.io/smart-contract-best-practices/tokens/}},
	month = {Mar},
	title = {Token Implementation Best Practice},
	year = {2020}}

@misc{DosRevert,
	author = {ConsenSys Diligence},
	howpublished = {\url{https://consensys.github.io/smart-contract-best-practices/recommendations/\#favor-pull-over-push-for-external-calls}},
	month = {Mar},
	title = {Secure Development Recommendations},
	year = {2020}}

@misc{DEPOSafe,
	author = {Ji, Ru and He, Ningyu and Wu, Lei and Wang, Haoyu},
	howpublished = {\url{https://arxiv.org/pdf/2006.06419.pdf}},
	month = {Jun},
	title = {DEPOSafe: Demystifying the Fake Deposit Vulnerability},
	year = {2020}}

@misc{Osiris,
	author = {Ferreira Torres, Christof and Schutte, Julian and State, Radu},
	howpublished = {\url{https://dl.acm.org/doi/10.1145/3274694.3274737}},
	month = {Dec},
	title = {Osiris: Hunting for Integer Bugs in Ethereum Smart Contracts},
	year = {2018}}

@misc{ORBT,
	author = {Shirshova, Natalia},
	howpublished = {\url{https://medium.com/orbise/the-benefits-of-buy-and-sell-token-functions-dcea536aaf7c}},
	month = {Dec},
	title = {The benefits of ``Buy'' and ``Sell''},
	year = {2018}}

@misc{ORBTToken,
	author = {Reinno},
	howpublished = {\url{https://reinno.io/tokenization.html}},
	month = {Jun},
	title = {A new way to own and invest in real estate},
	year = {2020}}

@misc{Alethio,
	author = {Alethio Reporting},
	howpublished = {\url{https://reports.aleth.io/}},
	month = {Jul},
	title = {Generate meaningful knowledge from Ethereum},
	year = {2020}}

@misc{TokenTracker,
	author = {Token Tracker},
	howpublished = {\url{https://etherscan.io/tokens}},
	month = {Jul},
	title = {ERC-20 Tokens},
	year = {2020}}

@misc{OpenZepplin,
	author = {OpenZeppelin},
	howpublished = {\url{https://github.com/OpenZeppelin/openzeppelin-contracts/blob/master/contracts/token/ERC20/ERC20.sol}},
	month = {Jun},
	title = {Contracts},
	year = {2020}}

@misc{ConsensysToken,
	author = {Consensys},
	howpublished = {\url{https://github.com/ConsenSys/Tokens}},
	month = {Jun},
	title = {Tokens},
	year = {2020}}

@misc{BECToken,
	author = {BeautyChain: Deployer},
	howpublished = {\url{https://etherscan.io/address/0xc5d105e63711398af9bbff092d4b6769c82f793d}},
	month = {Jun},
	title = {BeautyChain (BEC)},
	year = {2020}}

@misc{SafeMath,
	author = {OpenZeppelin},
	howpublished = {\url{https://github.com/OpenZeppelin/openzeppelin-contracts/blob/master/contracts/math/SafeMath.sol}},
	month = {Jun},
	title = {Contracts},
	year = {2020}}

@misc{CrossFunctionExample,
	author = {ConsenSys},
	howpublished = {\url{https://consensys.github.io/smart-contract-best-practices/known_attacks/#cross-function-reentrancy}},
	month = {Jun},
	title = {Cross-function Reentrancy},
	year = {2020}}

@misc{SolidityDocPayable,
	author = {Ethereum},
	howpublished = {\url{https://docs.soliditylang.org/en/latest/contracts.html#receive-ether-function}},
	month = {Jun},
	title = {Receive Ether Function},
	year = {2020}}

@misc{SolidityByExampleSelfDestruct,
	author = {solidity-by-example.org},
	howpublished = {\url{https://solidity-by-example.org/0.6/hacks/self-destruct/}},
	month = {Apr},
	title = {Solidity by Example},
	year = {2020}}

@misc{MonolithDAO,
	author = {Vessenes, Peter},
	howpublished = {\url{https://github.com/MonolithDAO/token/blob/master/src/Token.sol}},
	month = {Apr},
	title = {MonolithDAO},
	year = {2017}}

@misc{Rubixi,
	author = {Rubixi},
	howpublished = {\url{https://etherscan.io/address/0xe82719202e5965Cf5D9B6673B7503a3b92DE20be#code}},
	month = {Mar},
	title = {Rubixi Contract},
	year = {2016}}

@misc{Odin,
	author = {Sooho},
	howpublished = {\url{https://odin.sooho.io/}},
	month = {Mar},
	title = {Verify a smart contract},
	year = {2020}}

@misc{SWC,
	author = {SmartContractSecurity},
	howpublished = {\url{https://swcregistry.io/}},
	month = {Jun},
	title = {Smart Contract Weakness Classification and Test Cases},
	year = {2020}}

@misc{LibertyReserve,
	author = {Wikipedia},
	howpublished = {\url{https://en.wikipedia.org/wiki/Liberty_Reserve}},
	month = {Jun},
	title = {Liberty Reserve},
	year = {2020}}

@misc{NatSpec,
	author = {Ethereum},
	howpublished = {\url{docs.soliditylang.org/en/latest/natspec-format.html}},
	month = {Jun},
	title = {NatSpec Format},
	year = {2020}}

@misc{TokenScope,
	author = {Chen, Ting and Zhang, Zhang and Li, Zihao},
	howpublished = {\url{http://www4.comp.polyu.edu.hk/~csxluo/TokenScope.pdf}},
	month = {Nov},
	title = {TokenScope: Automatically Detecting Inconsistent Behaviors of Cryptocurrency Tokens in Ethereum},
	year = {2019}}

@misc{GNT,
	author = {Golem Factory GmbH},
	howpublished = {\url{https://etherscan.io/address/0xa74476443119A942dE498590Fe1f2454d7D4aC0d#code}},
	month = {Nov},
	title = {Golem Network Token},
	year = {2016}}

@misc{OPZ1,
	author = {Roan, Alex},
	howpublished = {\url{https://medium.com/better-programming/7-openzeppelin-contracts-you-should-always-use-5ba2e7953cc4}},
	month = {Apr},
	title = {7 OpenZeppelin Contracts You Should Always Use},
	year = {2020}}

@misc{OPZ2,
	author = {Zalecki, Michal},
	howpublished = {\url{https://www.tooploox.com/blog/create-and-distribute-your-erc20-token-with-openzeppelin}},
	month = {Aug},
	title = {Create and distribute your ERC20 token with OpenZeppelin},
	year = {2018}}

@misc{OPZ3,
	author = {Quintal, Josh},
	howpublished = {\url{https://www.trufflesuite.com/tutorials/robust-smart-contracts-with-openzeppelin}},
	month = {Aug},
	title = {Building robust smart contracts with openzeppelin},
	year = {2017}}

@misc{TON,
	author = {Durov, Pavel},
	howpublished = {\url{https://telegra.ph/What-Was-TON-And-Why-It-Is-Over-05-12}},
	month = {May},
	title = {What Was TON And Why It Is Over},
	year = {2020}}

@misc{VulExp,
	author = {Perez, Daniel and Livshits, Benjamin},
	howpublished = {\url{https://www.usenix.org/system/files/sec21summer_perez.pdf}},
	month = {Aug},
	title = {Smart Contract Vulnerabilities: Vulnerable Does Not Imply Exploited},
	year = {2018}}
